% Cisco Visual Index
@misc{index2017global,
  title={Cisco Visual Networking Index: Forecast and Trends, 2017–2022 White Paper},
  author={Cisco},
  year={2017},
  note={\url{https://www.cisco.com/c/en/us/solutions/collateral/service-provider/visual-networking-index-vni/white-paper-c11-738429.html}}
}

% JANOG 44
@conference{JANOG44_robust,
	author={石田慶樹 and 吉田友哉 and 西田圭},
	title={日本のインターネットは本当にロバストになったのか？},
	booktitle={JANOG 44 ミーティング},
	year={2019},
	note={\url{https://www.janog.gr.jp/meeting/janog44/application/files/7715/6577/5523/janog44-robust-ishida-01.pdf}}
}
% ビジネスの継続性のためには災害と付き合わなくちゃいけないよねっていうことが言いたいだけ．
@article{alonso2001business,
  title={Business continuity plans for disaster response},
  author={Alonso, Felipe and Boucher, John},
  journal={The CPA Journal},
  volume={71},
  number={11},
  pages={60},
  year={2001},
  publisher={New York State Society of Certified Public Accountants}
}

% IANA address allocation https://www.iana.org/assignments/ipv4-recovered-address-space/ipv4-recovered-address-space.xhtml
@misc{IANA_allocation,
  title={IPv4 Recovered Address Space},
  author={IANA},
  year={2019},
  howpublished = {\url{https://www.iana.org/assignments/ipv4-address-space/ipv4-address-space.xml}},
  note = {最終閲覧: 2019-12-17}
}

%おなじみのRIRはexaustedなグラフ．
@misc{potaroo_IPv4,
  author = {potaroo},
  title = {IPv4 Address Report},
  howpublished = {\url{https://ipv4.potaroo.net/}},
  note = {最終閲覧: 2019-12-17}
}

%IPv4枯渇後に掛かる金
@article{howard2013internet,
  title={Internet access pricing in a post-IPv4 runout world},
  author={Howard, Lee and Cable, Time Warner},
  journal={White Paper},
  year={2013}
}

% 2001年Ipv6普及の方法論
@article{durand2001deploying,
  title={Deploying ipv6},
  author={Durand, Alain},
  journal={IEEE Internet Computing},
  volume={5},
  number={1},
  pages={79--81},
  year={2001},
  publisher={IEEE}
}


%% SDNでIPv6Accessを提供する的な論文
@INPROCEEDINGS{6858474,
	author={W. {Xia} and T. {Tsou} and D. {Lopez} and F. {Lu} and Q. {Sun} and W. {Feng} and K. {Hu} and H. {Xie}},
	booktitle={Proceedings of the 2014 ITU kaleidoscope academic conference: Living in a converged world - Impossible without standards?},
	title={A software defined approach to unified IPv6 transition},
	year={2014},
	volume={},
	number={},
	pages={9-13},
	keywords={Internet;IP networks;transport protocols;software defined approach;unified IPv6 transition;IPv4 address space;end-to-end network upgrades;transition protocols;Software;Internet;Tunneling;Protocols;Hardware;Process control;Complexity theory;software defined networking;IPv6;IPv4;OpenFlow},
	doi={10.1109/Kaleidoscope.2014.6858474},
	ISSN={null},
	month={June}
}

%% OpenFlowでIPv4/IPv6変換を実現する手法が書いている
@INPROCEEDINGS{7560347,
author={S. {Maojia} and B. {Congxiao} and L. {Xing}},
booktitle={2016 IEEE Information Technology, Networking, Electronic and Automation Control Conference},
title={A SDN for multi-tenant data center based on IPv6 transition method},
year={2016},
volume={},
number={},
pages={190-195},
keywords={computer centres;Internet;software defined networking;transport protocols;SDN scheme;multitenant data center network;IPv6 transition method;IPv4;software defined network;control plane;data plane;V4V6/V6V4;software switch;Cloud computing;Virtualization;Protocols;Control systems;Cyberspace;Security;SDN;multi-tenant network;IPv6 transition;data center},
doi={10.1109/ITNEC.2016.7560347},
ISSN={null},
month={May}
}


%% IPv6以降技術まとめ。LinuxのNAT64シリーズの話もあるよ
@INPROCEEDINGS{8240145,
author={J. M. V. {Ruiz} and C. S. {Cardenas} and J. L. M. {Tapia}},
booktitle={2017 IEEE 9th Latin-American Conference on Communications (LATINCOM)},
title={Implementation and testing of IPv6 transition mechanisms},
year={2017},
volume={},
number={},
pages={1-6},
keywords={IP networks;telecommunication network topology;topologies;translation mechanisms;DNS64;NAT64;DHCPv6;IPv6 transition mechanisms;virtual lab;IPv6 networks;Linux;Tools;Virtualization;Protocols;Network topology;Tunneling;Relays;IPv6;transition mechanisms;virtualization;hybrid network addressing},
doi={10.1109/LATINCOM.2017.8240145},
ISSN={null},
month={Nov}}
